% Encoding: UTF-8

@Article{matlabSegmentationTutorial,
  author    = {Image Analyst},
  title     = {Image Segmentation Tutorial},
  journal   = {MATLAB},
  year      = {2015},
}

@Article{matlabTumor,
  author    = {Chandra Sekhar Ravuri},
  title     = {Automatic segmentation of brain tumor in mr images},
  journal   = {MATLAB},
  year      = {2015},
}

@Article{matlabTumor2,
  author    = {Shazid Mahmood},
  title     = {Brain tumor detection from MRI images using anisotropic filter and segmentation image processing},
  journal   = {MATLAB},
  year      = {2017},
}

@Article{Ashburner2005,
  author    = {Ashburner, John and Friston, Karl J},
  title     = {Unified segmentation},
  journal   = {Neuroimage},
  year      = {2005},
  volume    = {26},
  number    = {3},
  pages     = {839--851},
  publisher = {Elsevier},
}

@Article{Ashton2003,
  author    = {Ashton, Edward A and Takahashi, Chihiro and Berg, Michel J and Goodman, Andrew and Totterman, Saara and Ekholm, Sven},
  title     = {Accuracy and reproducibility of manual and semiautomated quantification of {MS} lesions by {MRI}},
  journal   = {Journal of Magnetic Resonance Imaging},
  year      = {2003},
  volume    = {17},
  number    = {3},
  pages     = {300--308},
  publisher = {Wiley Online Library},
}

@Article{Bates2003,
  author    = {Bates, Elizabeth and Wilson, Stephen M and Saygin, Ayse Pinar and Dick, Frederic and Sereno, Martin I and Knight, Robert T and Dronkers, Nina F},
  title     = {Voxel-based lesion--symptom mapping},
  journal   = {Nature neuroscience},
  year      = {2003},
  volume    = {6},
  number    = {5},
  pages     = {448--450},
  publisher = {Nature Publishing Group},
}

@Article{chen2010voxel,
  author    = {Chen, Rong and Herskovits, Edward H},
  title     = {Voxel-based {Bayesian} lesion--symptom mapping},
  journal   = {Neuroimage},
  year      = {2010},
  volume    = {49},
  number    = {1},
  pages     = {597--602},
  publisher = {Elsevier},
}

@Article{crinion2007spatial,
  author    = {Crinion, Jenny and Ashburner, John and Leff, Alex and Brett, Matthew and Price, Cathy and Friston, Karl},
  title     = {Spatial normalization of lesioned brains: performance evaluation and impact on {fMRI} analyses},
  journal   = {Neuroimage},
  year      = {2007},
  volume    = {37},
  number    = {3},
  pages     = {866--875},
  publisher = {Elsevier},
}

@Article{crinion2013neuroimaging,
  author    = {Crinion, Jenny and Holland, Audrey L and Copland, David A and Thompson, Cynthia K and Hillis, Argye E},
  title     = {Neuroimaging in aphasia treatment research: quantifying brain lesions after stroke},
  journal   = {Neuroimage},
  year      = {2013},
  volume    = {73},
  pages     = {208--214},
  publisher = {Elsevier},
}

@Article{domingos1997optimality,
  author    = {Domingos, Pedro and Pazzani, Michael},
  title     = {On the optimality of the simple {Bayesian} classifier under zero-one loss},
  journal   = {Machine learning},
  year      = {1997},
  volume    = {29},
  number    = {2-3},
  pages     = {103--130},
  publisher = {Springer},
}

@Article{fiez2000lesion,
  author    = {Fiez, Julie A and Damasio, Hanna and Grabowski, Thomas J},
  title     = {Lesion segmentation and manual warping to a reference brain: Intra-and interobserver reliability},
  journal   = {Human brain mapping},
  year      = {2000},
  volume    = {9},
  number    = {4},
  pages     = {192--211},
  publisher = {Wiley Online Library},
}

@Article{geva2012comparison,
  author    = {Geva, Sharon and Baron, Jean-Claude and Jones, P Simon and Price, Cathy J and Warburton, Elizabeth A},
  title     = {{A comparison of VLSM and VBM in a cohort of patients with post-stroke aphasia}},
  journal   = {NeuroImage: Clinical},
  year      = {2012},
  volume    = {1},
  number    = {1},
  pages     = {37--47},
  publisher = {Elsevier},
}

@Article{mehta2003evaluation,
  author    = {Mehta, Sonya and Grabowski, Thomas J and Trivedi, Yogi and Damasio, Hanna},
  title     = {Evaluation of voxel-based morphometry for focal lesion detection in individuals},
  journal   = {Neuroimage},
  year      = {2003},
  volume    = {20},
  number    = {3},
  pages     = {1438--1454},
  publisher = {Elsevier},
}

@Article{mitra2014lesion,
  author    = {Mitra, Jhimli and Bourgeat, Pierrick and Fripp, Jurgen and Ghose, Soumya and Rose, Stephen and Salvado, Olivier and Connelly, Alan and Campbell, Bruce and Palmer, Susan and Sharma, Gagan and others},
  title     = {Lesion segmentation from multimodal {MRI} using random forest following ischemic stroke},
  journal   = {NeuroImage},
  year      = {2014},
  volume    = {98},
  pages     = {324--335},
  publisher = {Elsevier},
}

@Article{raizada2013smoothness,
  author    = {Raizada, Rajeev DS and Lee, Yune-Sang},
  title     = {{Smoothness without smoothing: why Gaussian naive Bayes is not naive for multi-subject searchlight studies}},
  journal   = {PloS one},
  year      = {2013},
  volume    = {8},
  number    = {7},
  pages     = {e69566},
  publisher = {Public Library of Science},
}

@Article{pereira2009machine,
  author    = {Pereira, Francisco and Mitchell, Tom and Botvinick, Matthew},
  title     = {Machine learning classifiers and {fMRI}: a tutorial overview},
  journal   = {Neuroimage},
  year      = {2009},
  volume    = {45},
  number    = {1},
  pages     = {S199--S209},
  publisher = {Elsevier},
}

@Article{ripolles2012analysis,
  author    = {Ripolles, P and Marco-Pallar{\'e}s, Josep and de Diego-Balaguer, Ruth and Miro, J and Falip, M and Juncadella, M and Rubio, F and Rodriguez-Fornells, Antoni},
  title     = {Analysis of automated methods for spatial normalization of lesioned brains},
  journal   = {Neuroimage},
  year      = {2012},
  volume    = {60},
  number    = {2},
  pages     = {1296--1306},
  publisher = {Elsevier},
}

@Article{rish2001analysis,
  author  = {Rish, Irina and Hellerstein, Joseph and Thathachar, Jayram},
  title   = {An analysis of data characteristics that affect naive Bayes performance},
  journal = {IBM TJ Watson Research Center},
  year    = {2001},
  volume  = {30},
}

@Article{rorden2009evaluation,
  author    = {Rorden, Chris and Fridriksson, Julius and Karnath, Hans-Otto},
  title     = {An evaluation of traditional and novel tools for lesion behavior mapping},
  journal   = {Neuroimage},
  year      = {2009},
  volume    = {44},
  number    = {4},
  pages     = {1355--1362},
  publisher = {Elsevier},
}

@Article{rorden2007improving,
  author    = {Rorden, Chris and Karnath, Hans-Otto and Bonilha, Leonardo},
  title     = {Improving lesion-symptom mapping},
  journal   = {Journal of cognitive neuroscience},
  year      = {2007},
  volume    = {19},
  number    = {7},
  pages     = {1081--1088},
  publisher = {MIT Press},
}

@Article{seghier2008lesion,
  author    = {Seghier, Mohamed L and Ramlackhansingh, Anil and Crinion, Jenny and Leff, Alexander P and Price, Cathy J},
  title     = {Lesion identification using unified segmentation-normalisation models and fuzzy clustering},
  journal   = {Neuroimage},
  year      = {2008},
  volume    = {41},
  number    = {4},
  pages     = {1253--1266},
  publisher = {Elsevier},
}

@Article{wilke2011manual,
  author    = {Wilke, Marko and de Haan, Bianca and Juenger, Hendrik and Karnath, Hans-Otto},
  title     = {Manual, semi-automated, and automated delineation of chronic brain lesions: a comparison of methods},
  journal   = {Neuroimage},
  year      = {2011},
  volume    = {56},
  number    = {4},
  pages     = {2038--2046},
  publisher = {Elsevier},
}

@Article{zijdenbos1993brain,
  author  = {Zijdenbos, Alex P and Dawant, Benoit M},
  title   = {Brain segmentation and white matter lesion detection in {MR} images.},
  journal = {Critical reviews in biomedical engineering},
  year    = {1993},
  volume  = {22},
  number  = {5-6},
  pages   = {401--465},
}

@Article{alfano2000automated,
  author    = {Alfano, Bruno and Brunetti, Arturo and Larobina, Michele and Quarantelli, Mario and Tedeschi, Enrico and Ciarmiello, Andrea and Covelli, Eugenio M and Salvatore, Marco},
  title     = {{Automated segmentation and measurement of global white matter lesion volume in patients with multiple sclerosis}},
  journal   = {Journal of Magnetic Resonance Imaging},
  year      = {2000},
  volume    = {12},
  number    = {6},
  pages     = {799--807},
  publisher = {Wiley Online Library},
}

@Article{ballester2000segmentation,
  author    = {Ballester, Miguel Angel Gonzalez and Zisserman, Andrew and Brady, Michael},
  title     = {Segmentation and measurement of brain structures in {MRI} including confidence bounds},
  journal   = {Medical Image Analysis},
  year      = {2000},
  volume    = {4},
  number    = {3},
  pages     = {189--200},
  publisher = {Elsevier},
}

@Article{van2001automated,
  author    = {Van Leemput, Koen and Maes, Frederik and Vandermeulen, Dirk and Colchester, Alan and Suetens, Paul},
  title     = {Automated segmentation of multiple sclerosis lesions by model outlier detection},
  journal   = {IEEE transactions on medical imaging},
  year      = {2001},
  volume    = {20},
  number    = {8},
  pages     = {677--688},
  publisher = {IEEE},
}

@Article{kwan1999mri,
  author    = {Kwan, RK-S and Evans, Alan C and Pike, G Bruce},
  title     = {{MRI} simulation-based evaluation of image-processing and classification methods},
  journal   = {IEEE transactions on medical imaging},
  year      = {1999},
  volume    = {18},
  number    = {11},
  pages     = {1085--1097},
  publisher = {IEEE},
}

@InProceedings{kwan1996extensible,
  author       = {Kwan, Remi K-S and Evans, Alan C and Pike, G Bruce},
  title        = {An extensible {MRI} simulator for post-processing evaluation},
  booktitle    = {Visualization in biomedical computing},
  year         = {1996},
  pages        = {135--140},
  organization = {Springer},
}

@InProceedings{ashton2001automated,
  author       = {Ashton, Edward and Totterman, Saara and Takahashi, Chihiro and Tamez-Pena, Jose and Parker, Kevin J},
  title        = {Automated Measurement of Structures on {CT} and {MR} Imagery: A Validation Study},
  booktitle    = {Proceedings of the Fourteenth IEEE Symposium on Computer-Based Medical Systems},
  year         = {2001},
  pages        = {300},
  organization = {IEEE Computer Society},
}

@Article{ashton1997novel,
  author    = {Ashton, Edward A and Parker, Kevin J and Berg, Michel J and Chen, Chang Wen},
  title     = {A novel volumetric feature extraction technique with applications to {MR} images},
  journal   = {IEEE transactions on medical imaging},
  year      = {1997},
  volume    = {16},
  number    = {4},
  pages     = {365--371},
  publisher = {IEEE},
}

@InProceedings{taylor1994image,
  author       = {Taylor, David C and Barrett, William A},
  title        = {Image segmentation using globally optimal growth in three dimensions with an adaptive feature set},
  booktitle    = {Visualization in Biomedical Computing 1994},
  year         = {1994},
  pages        = {98--107},
  organization = {International Society for Optics and Photonics},
}

@Article{pustina2016automated,
  author    = {Pustina, Dorian and Coslett, H and Turkeltaub, Peter E and Tustison, Nicholas and Schwartz, Myrna F and Avants, Brian},
  title     = {Automated segmentation of chronic stroke lesions using {LINDA}: lesion identification with neighborhood data analysis},
  journal   = {Human brain mapping},
  year      = {2016},
  publisher = {Wiley Online Library},
}

@Article{griffis2016voxel,
  author    = {Griffis, Joseph C and Allendorfer, Jane B and Szaflarski, Jerzy P},
  title     = {{Voxel-based Gaussian na{\"\i}ve Bayes classification of ischemic stroke lesions in individual T1-weighted MRI scans}},
  journal   = {Journal of neuroscience methods},
  year      = {2016},
  volume    = {257},
  pages     = {97--108},
  publisher = {Elsevier},
}

@Article{de2015fast,
  author    = {de Haan, Bianca and Clas, Philipp and Juenger, Hendrik and Wilke, Marko and Karnath, Hans-Otto},
  title     = {Fast semi-automated lesion demarcation in stroke},
  journal   = {NeuroImage: Clinical},
  year      = {2015},
  volume    = {9},
  pages     = {69--74},
  publisher = {Elsevier},
}

@Article{li2015local,
  author    = {Li, Xin-Wei and Li, Qiong-Ling and Li, Shu-Yu and Li, De-Yu},
  title     = {Local manifold learning for multiatlas segmentation: application to hippocampal segmentation in healthy population and Alzheimer's disease},
  journal   = {CNS Neuroscience \& Therapeutics},
  year      = {2015},
  volume    = {21},
  number    = {10},
  pages     = {826--836},
  publisher = {Wiley Online Library},
}

@Article{harmouche2015probabilistic,
  author    = {Harmouche, Rola and Subbanna, Nagesh K and Collins, D Louis and Arnold, Douglas L and Arbel, Tal},
  title     = {Probabilistic Multiple Sclerosis Lesion Classification Based on Modeling Regional Intensity Variability and Local Neighborhood Information},
  journal   = {IEEE Transactions on Biomedical Engineering},
  year      = {2015},
  volume    = {62},
  number    = {5},
  pages     = {1281--1292},
  publisher = {IEEE},
}

@Article{petoe2014template,
  author    = {Petoe, Matthew A and Byblow, Winston D and de Vries, Esther JM and Krishnamurthy, Venkatesh and Zhong, Cathy S and Barber, P Alan and Stinear, Cathy M},
  title     = {A template-based procedure for determining white matter integrity in the internal capsule early after stroke},
  journal   = {NeuroImage: Clinical},
  year      = {2014},
  volume    = {4},
  pages     = {695--700},
  publisher = {Elsevier},
}

@Article{gillebert2014automated,
  author    = {Gillebert, Celine R and Humphreys, Glyn W and Mantini, Dante},
  title     = {Automated delineation of stroke lesions using brain {CT} images},
  journal   = {NeuroImage: Clinical},
  year      = {2014},
  volume    = {4},
  pages     = {540--548},
  publisher = {Elsevier},
}

@Article{elliott2013temporally,
  author    = {Elliott, Colm and Arnold, Douglas L and Collins, D Louis and Arbel, Tal},
  title     = {Temporally consistent probabilistic detection of new multiple sclerosis lesions in brain MRI},
  journal   = {IEEE Transactions On medical imaging},
  year      = {2013},
  volume    = {32},
  number    = {8},
  pages     = {1490--1503},
  publisher = {IEEE},
}

@Article{llado2012automated,
  author    = {Llad{\'o}, Xavier and Ganiler, Onur and Oliver, Arnau and Mart{\'\i}, Robert and Freixenet, Jordi and Valls, Laia and Vilanova, Joan C and Rami{\'o}-Torrent{\`a}, Llu{\'\i}s and Rovira, {\`A}lex},
  title     = {Automated detection of multiple sclerosis lesions in serial brain {MRI}},
  journal   = {Neuroradiology},
  year      = {2012},
  volume    = {54},
  number    = {8},
  pages     = {787--807},
  publisher = {Springer},
}

@Article{renz2011accuracy,
  author    = {Renz, Diane M and Hahn, Horst K and Schmidt, Peter and Rexilius, Jan and Lentschig, Markus and Pfeil, Alexander and Sauner, Dieter and Fitzek, Clemens and Mentzel, Hans-Joachim and Kaiser, Werner A and others},
  title     = {Accuracy and reproducibility of a novel semi-automatic segmentation technique for {MR} volumetry of the pituitary gland},
  journal   = {Neuroradiology},
  year      = {2011},
  volume    = {53},
  number    = {4},
  pages     = {233--244},
  publisher = {Springer},
}

@Article{chen2008voxelwise,
  author    = {Chen, Rong and Hillis, Argye E and Pawlak, Mikolaj and Herskovits, Edward H},
  title     = {Voxelwise {Bayesian} lesion-deficit analysis},
  journal   = {NeuroImage},
  year      = {2008},
  volume    = {40},
  number    = {4},
  pages     = {1633--1642},
  publisher = {Elsevier},
}

@Article{maier2015extra,
  author    = {Maier, Oskar and Wilms, Matthias and von der Gablentz, Janina and Kr{\"a}mer, Ulrike M and M{\"u}nte, Thomas F and Handels, Heinz},
  title     = {Extra Tree forests for sub-acute ischemic stroke lesion segmentation in {MR} sequences},
  journal   = {Journal of neuroscience methods},
  year      = {2015},
  volume    = {240},
  pages     = {89--100},
  publisher = {Elsevier},
}

@InProceedings{collins1995automatic,
  author       = {Collins, DL and Evans, AC and Holmes, C and Peters, TM},
  title        = {{Automatic 3D segmentation of neuro-anatomical structures from MRI}},
  booktitle    = {Information processing in medical imaging},
  year         = {1995},
  volume       = {3},
  pages        = {139--152},
  organization = {Kluwer Dordrecht},
}

@Misc{griffisSrcDLweb,
  author       = {Joseph C. Griffis},
  title        = {{lesion gnb toolbox for SPM12}},
  howpublished = {Online},
  month        = mar,
  year         = {2016},
  note         = {Accessed November 2016},
  url          = {https://www.researchgate.net/profile/Joseph_Griffis/publications},
}

@Misc{spm12DL,
  author       = {By members \& collaborators of the Wellcome Trust Centre for Neuroimaging},
  title        = {{Statistical Parametric Mapping - SPM}},
  howpublished = {Online},
  note         = {Accessed November 2016 at: www.fil.ion.ucl.ac.uk/spm/software/},
  url          = {http://www.fil.ion.ucl.ac.uk/spm/software/},
}

@Article{macdonald2000automated,
  author    = {MacDonald, David and Kabani, Noor and Avis, David and Evans, Alan C},
  title     = {{Automated 3-D extraction of inner and outer surfaces of cerebral cortex from MRI}},
  journal   = {NeuroImage},
  year      = {2000},
  volume    = {12},
  number    = {3},
  pages     = {340--356},
  publisher = {Elsevier},
}

@Article{pitiot2004expert,
  author    = {Pitiot, Alain and Delingette, Herv{\'e} and Thompson, Paul M and Ayache, Nicholas},
  title     = {Expert knowledge-guided segmentation system for brain {MRI}},
  journal   = {NeuroImage},
  year      = {2004},
  volume    = {23},
  pages     = {S85--S96},
  publisher = {Elsevier},
}

@Article{ashburner1999nonlinear,
  author  = {Ashburner, John and Friston, Karl J and others},
  title   = {Nonlinear spatial normalization using basis functions},
  journal = {Human brain mapping},
  year    = {1999},
  volume  = {7},
  number  = {4},
  pages   = {254--266},
}

@Article{shattuck2001magnetic,
  author    = {Shattuck, David W and Sandor-Leahy, Stephanie R and Schaper, Kirt A and Rottenberg, David A and Leahy, Richard M},
  title     = {Magnetic resonance image tissue classification using a partial volume model},
  journal   = {NeuroImage},
  year      = {2001},
  volume    = {13},
  number    = {5},
  pages     = {856--876},
  publisher = {Elsevier},
}

@Article{dice1945measures,
  author    = {Dice, Lee R},
  title     = {Measures of the amount of ecologic association between species},
  journal   = {Ecology},
  year      = {1945},
  volume    = {26},
  number    = {3},
  pages     = {297--302},
  publisher = {Wiley Online Library},
}

@Comment{jabref-meta: databaseType:bibtex;}
